<?xml version="1.0" encoding="UTF-8"?>
  <record xmlns="http://www.loc.gov/MARC21/slim" type="Authority">
    <leader>00000nz  a2200000nc 4500</leader>
    <controlfield tag="001">102501319</controlfield>
    <controlfield tag="003">DE-101</controlfield>
    <controlfield tag="005">20220721174829.0</controlfield>
    <controlfield tag="008">940623n||azznnaabn           | aaa    |c</controlfield>
    <datafield tag="024" ind1="7" ind2=" ">
      <subfield code="a">102501319</subfield>
      <subfield code="0">http://d-nb.info/gnd/102501319</subfield>
      <subfield code="2">gnd</subfield>
    </datafield>
    <datafield tag="035" ind1=" " ind2=" ">
      <subfield code="a">(DE-101)102501319</subfield>
    </datafield>
    <datafield tag="035" ind1=" " ind2=" ">
      <subfield code="a">(DE-588)102501319</subfield>
    </datafield>
    <datafield tag="035" ind1=" " ind2=" ">
      <subfield code="z">(DE-588)1089920946</subfield>
    </datafield>
    <datafield tag="035" ind1=" " ind2=" ">
      <subfield code="z">(DE-588)126709599</subfield>
    </datafield>
    <datafield tag="035" ind1=" " ind2=" ">
      <subfield code="z">(DE-588a)126709599</subfield>
      <subfield code="9">v:zg</subfield>
    </datafield>
    <datafield tag="035" ind1=" " ind2=" ">
      <subfield code="z">(DE-588a)102501319</subfield>
      <subfield code="9">v:zg</subfield>
    </datafield>
    <datafield tag="035" ind1=" " ind2=" ">
      <subfield code="z">(DE-588c)4754469-7</subfield>
      <subfield code="9">v:zg</subfield>
    </datafield>
    <datafield tag="040" ind1=" " ind2=" ">
      <subfield code="a">DE-12</subfield>
      <subfield code="c">DE-12</subfield>
      <subfield code="9">r:DE-12</subfield>
      <subfield code="b">ger</subfield>
      <subfield code="d">9999</subfield>
    </datafield>
    <datafield tag="042" ind1=" " ind2=" ">
      <subfield code="a">gnd1</subfield>
    </datafield>
    <datafield tag="043" ind1=" " ind2=" ">
      <subfield code="c">XY</subfield>
      <subfield code="c">XA-FR</subfield>
    </datafield>
    <datafield tag="065" ind1=" " ind2=" ">
      <subfield code="a">3.1p</subfield>
      <subfield code="2">sswd</subfield>
    </datafield>
    <datafield tag="065" ind1=" " ind2=" ">
      <subfield code="a">4.7p</subfield>
      <subfield code="2">sswd</subfield>
    </datafield>
    <datafield tag="075" ind1=" " ind2=" ">
      <subfield code="b">p</subfield>
      <subfield code="2">gndgen</subfield>
    </datafield>
    <datafield tag="075" ind1=" " ind2=" ">
      <subfield code="b">piz</subfield>
      <subfield code="2">gndspec</subfield>
    </datafield>
    <datafield tag="079" ind1=" " ind2=" ">
      <subfield code="a">g</subfield>
      <subfield code="q">f</subfield>
      <subfield code="q">e</subfield>
      <subfield code="q">n</subfield>
      <subfield code="q">s</subfield>
      <subfield code="u">v</subfield>
    </datafield>
    <datafield tag="100" ind1="1" ind2=" ">
      <subfield code="a">Penini, Yedaʿyah &#152;ha-&#156;</subfield>
      <subfield code="d">1270-1340</subfield>
    </datafield>
    <datafield tag="400" ind1="1" ind2=" ">
      <subfield code="a">Penînî, Yedaʿyā &#152;hap-&#156;</subfield>
      <subfield code="d">1270-1340</subfield>
      <subfield code="9">v:DIN Stand 1982</subfield>
    </datafield>
    <datafield tag="400" ind1="1" ind2=" ">
      <subfield code="a">Penini, Jedaiah &#152;ha&#156;</subfield>
      <subfield code="d">1270-1340</subfield>
    </datafield>
    <datafield tag="400" ind1="1" ind2=" ">
      <subfield code="a">ha-Penini, Yedaʿyah</subfield>
      <subfield code="d">1270-1340</subfield>
    </datafield>
    <datafield tag="400" ind1="1" ind2=" ">
      <subfield code="a">ha-Penînî, Yedaʿyā</subfield>
      <subfield code="d">1270-1340</subfield>
    </datafield>
    <datafield tag="400" ind1="1" ind2=" ">
      <subfield code="a">ha-Penînî, Jedaʿjā</subfield>
      <subfield code="d">1270-1340</subfield>
    </datafield>
    <datafield tag="400" ind1="1" ind2=" ">
      <subfield code="a">hap-Penînî, Yedaʿyā</subfield>
      <subfield code="d">1270-1340</subfield>
    </datafield>
    <datafield tag="400" ind1="1" ind2=" ">
      <subfield code="a">Happenini, Jedajah</subfield>
      <subfield code="d">1270-1340</subfield>
    </datafield>
    <datafield tag="400" ind1="1" ind2=" ">
      <subfield code="a">Happenini, Jedaja</subfield>
      <subfield code="d">1270-1340</subfield>
    </datafield>
    <datafield tag="400" ind1="1" ind2=" ">
      <subfield code="a">Bedarshi, Yedaʿyah ha-Penini</subfield>
      <subfield code="d">1270-1340</subfield>
    </datafield>
    <datafield tag="400" ind1="1" ind2=" ">
      <subfield code="a">Bedarši, Yedaʿyā ha-Penînî</subfield>
      <subfield code="d">1270-1340</subfield>
    </datafield>
    <datafield tag="400" ind1="1" ind2=" ">
      <subfield code="a">Bedarši, Jedaʿjā ha-Penînî</subfield>
      <subfield code="d">1270-1340</subfield>
    </datafield>
    <datafield tag="400" ind1="1" ind2=" ">
      <subfield code="a">Bedarshi, Jedaiah ben Abraham</subfield>
      <subfield code="d">1270-1340</subfield>
    </datafield>
    <datafield tag="400" ind1="1" ind2=" ">
      <subfield code="a">Bedarschi, Jedaja</subfield>
      <subfield code="d">1270-1340</subfield>
      <subfield code="9">v:Jüd. Lex.</subfield>
    </datafield>
    <datafield tag="400" ind1="1" ind2=" ">
      <subfield code="a">Bedarschi, Jedajah Penini</subfield>
      <subfield code="d">1270-1340</subfield>
    </datafield>
    <datafield tag="400" ind1="1" ind2=" ">
      <subfield code="a">Bedaresi, Jedaiah ben Abraham</subfield>
      <subfield code="d">1270-1340</subfield>
    </datafield>
    <datafield tag="400" ind1="1" ind2=" ">
      <subfield code="a">Bederśi, Yedaʿyah ha-Penini</subfield>
      <subfield code="d">1270-1340</subfield>
    </datafield>
    <datafield tag="400" ind1="1" ind2=" ">
      <subfield code="a">Bederśi, Yedaʿyā ha-Penînî</subfield>
      <subfield code="d">1270-1340</subfield>
    </datafield>
    <datafield tag="400" ind1="1" ind2=" ">
      <subfield code="a">Bederśi, Jedaʿjā ha-Penînî</subfield>
      <subfield code="d">1270-1340</subfield>
    </datafield>
    <datafield tag="400" ind1="1" ind2=" ">
      <subfield code="a">Bedersi, Jedaiah ben Abraham</subfield>
      <subfield code="d">1270-1340</subfield>
    </datafield>
    <datafield tag="400" ind1="1" ind2=" ">
      <subfield code="a">Bedersi, Jeda'ja ben Abraham ha-penini</subfield>
      <subfield code="d">1270-1340</subfield>
    </datafield>
    <datafield tag="400" ind1="1" ind2=" ">
      <subfield code="a">Bedersi, Jedaiah ben Abraham</subfield>
      <subfield code="c">Jüdischer Dichter und P</subfield>
      <subfield code="d">1270-1340</subfield>
    </datafield>
    <datafield tag="400" ind1="0" ind2=" ">
      <subfield code="a">Bedersi Jedaia Ben-Abraham</subfield>
      <subfield code="d">1270-1340</subfield>
    </datafield>
    <datafield tag="400" ind1="1" ind2=" ">
      <subfield code="a">Bedraschi, Jedaia</subfield>
      <subfield code="d">1270-1340</subfield>
    </datafield>
    <datafield tag="400" ind1="1" ind2=" ">
      <subfield code="a">Badreshita, Jedaja</subfield>
      <subfield code="d">1270-1340</subfield>
    </datafield>
    <datafield tag="400" ind1="1" ind2=" ">
      <subfield code="a">Badreshita, Jedaia</subfield>
      <subfield code="d">1270-1340</subfield>
    </datafield>
    <datafield tag="400" ind1="0" ind2=" ">
      <subfield code="a">Yedaʿyah ha-Penini Bederśi</subfield>
      <subfield code="d">1270-1340</subfield>
    </datafield>
    <datafield tag="400" ind1="0" ind2=" ">
      <subfield code="a">Yedaʿyā ha-Penînî Bederśi</subfield>
      <subfield code="d">1270-1340</subfield>
    </datafield>
    <datafield tag="400" ind1="0" ind2=" ">
      <subfield code="a">Jedaʿjā ha-Penînî Bederśi</subfield>
      <subfield code="d">1270-1340</subfield>
    </datafield>
    <datafield tag="400" ind1="0" ind2=" ">
      <subfield code="a">Yedaʿyah ha-Penini Bedarshi</subfield>
      <subfield code="d">1270-1340</subfield>
    </datafield>
    <datafield tag="400" ind1="0" ind2=" ">
      <subfield code="a">Yedaʿyā ha-Penînî Bedarši</subfield>
      <subfield code="d">1270-1340</subfield>
    </datafield>
    <datafield tag="400" ind1="0" ind2=" ">
      <subfield code="a">Jedaʿjā ha-Penînî Bedarši</subfield>
      <subfield code="d">1270-1340</subfield>
    </datafield>
    <datafield tag="400" ind1="1" ind2=" ">
      <subfield code="a">Yedaʿyah, ha-Penini</subfield>
      <subfield code="d">1270-1340</subfield>
    </datafield>
    <datafield tag="400" ind1="1" ind2=" ">
      <subfield code="a">Yedaʿyā, ha-Penînî</subfield>
      <subfield code="d">1270-1340</subfield>
    </datafield>
    <datafield tag="400" ind1="1" ind2=" ">
      <subfield code="a">Yedaʿyā, hap-Penînî</subfield>
      <subfield code="d">1270-1340</subfield>
    </datafield>
    <datafield tag="400" ind1="1" ind2=" ">
      <subfield code="a">Jedaʿjā, ha-Penînî</subfield>
      <subfield code="d">1270-1340</subfield>
    </datafield>
    <datafield tag="400" ind1="1" ind2=" ">
      <subfield code="a">Jedaʿjā, hap-Penînî</subfield>
      <subfield code="d">1270-1340</subfield>
    </datafield>
    <datafield tag="400" ind1="1" ind2=" ">
      <subfield code="a">Jedaja, ha-Penini</subfield>
      <subfield code="d">1270-1340</subfield>
    </datafield>
    <datafield tag="400" ind1="1" ind2=" ">
      <subfield code="a">Jedaiah, ha-Penini</subfield>
      <subfield code="d">1270-1340</subfield>
    </datafield>
    <datafield tag="400" ind1="0" ind2=" ">
      <subfield code="a">Yedaʿyah Penini</subfield>
      <subfield code="d">1270-1340</subfield>
    </datafield>
    <datafield tag="400" ind1="0" ind2=" ">
      <subfield code="a">Yedaʿyā Penînî</subfield>
      <subfield code="d">1270-1340</subfield>
    </datafield>
    <datafield tag="400" ind1="0" ind2=" ">
      <subfield code="a">Jedaʿjā Penînî</subfield>
      <subfield code="d">1270-1340</subfield>
    </datafield>
    <datafield tag="400" ind1="0" ind2=" ">
      <subfield code="a">Jedaja</subfield>
      <subfield code="c">Penini</subfield>
      <subfield code="d">1270-1340</subfield>
    </datafield>
    <datafield tag="400" ind1="0" ind2=" ">
      <subfield code="a">Yedaʿyah ha-Penini</subfield>
      <subfield code="d">1270-1340</subfield>
    </datafield>
    <datafield tag="400" ind1="0" ind2=" ">
      <subfield code="a">Yedaʿyā ha-Penînî</subfield>
      <subfield code="d">1270-1340</subfield>
    </datafield>
    <datafield tag="400" ind1="0" ind2=" ">
      <subfield code="a">Yedaʾyā</subfield>
      <subfield code="c">hap-Penînî</subfield>
      <subfield code="d">1270-1340</subfield>
    </datafield>
    <datafield tag="400" ind1="0" ind2=" ">
      <subfield code="a">Jedaʾjā</subfield>
      <subfield code="c">ha-Penīnī</subfield>
      <subfield code="d">1270-1340</subfield>
    </datafield>
    <datafield tag="400" ind1="0" ind2=" ">
      <subfield code="a">Jedaʾjā</subfield>
      <subfield code="c">hap-Penīnī</subfield>
      <subfield code="d">1270-1340</subfield>
    </datafield>
    <datafield tag="400" ind1="0" ind2=" ">
      <subfield code="a">Jedajah</subfield>
      <subfield code="c">Happenini</subfield>
      <subfield code="d">1270-1340</subfield>
    </datafield>
    <datafield tag="400" ind1="0" ind2=" ">
      <subfield code="a">Jedaiah</subfield>
      <subfield code="c">ha-Bedersi</subfield>
      <subfield code="d">1270-1340</subfield>
    </datafield>
    <datafield tag="400" ind1="0" ind2=" ">
      <subfield code="a">Yedaʿyah ha-Penini Badreshi</subfield>
      <subfield code="d">1270-1340</subfield>
    </datafield>
    <datafield tag="400" ind1="0" ind2=" ">
      <subfield code="a">Yedaʿyah ha-Penini ben Avraham Bederśi</subfield>
      <subfield code="d">1270-1340</subfield>
    </datafield>
    <datafield tag="400" ind1="0" ind2=" ">
      <subfield code="a">Jedaja ha-Penini Ben-Abraham Bedersi</subfield>
      <subfield code="d">1270-1340</subfield>
    </datafield>
    <datafield tag="400" ind1="0" ind2=" ">
      <subfield code="a">Jedaiah ben Abraham Bedersi</subfield>
      <subfield code="d">1270-1340</subfield>
    </datafield>
    <datafield tag="400" ind1="0" ind2=" ">
      <subfield code="a">Jedaja Penini B. Abraham Bedarschi</subfield>
      <subfield code="d">1270-1340</subfield>
      <subfield code="9">v:Freimann-Inc.kat.</subfield>
    </datafield>
    <datafield tag="400" ind1="0" ind2=" ">
      <subfield code="a">Yedaʿyah ben Avraham ha-Penini</subfield>
      <subfield code="d">1270-1340</subfield>
    </datafield>
    <datafield tag="400" ind1="0" ind2=" ">
      <subfield code="a">Jedaʿja Ben Abraham ha-Penini</subfield>
      <subfield code="d">1270-1340</subfield>
    </datafield>
    <datafield tag="400" ind1="0" ind2=" ">
      <subfield code="a">Yedaʿyah ben Avraham</subfield>
      <subfield code="d">1270-1340</subfield>
    </datafield>
    <datafield tag="400" ind1="0" ind2=" ">
      <subfield code="a">Jedaiah ben Abraham</subfield>
      <subfield code="d">1270-1340</subfield>
    </datafield>
    <datafield tag="400" ind1="0" ind2=" ">
      <subfield code="a">Yedaʿyah ben Avraham Bederśi</subfield>
      <subfield code="d">1270-1340</subfield>
    </datafield>
    <datafield tag="400" ind1="0" ind2=" ">
      <subfield code="a">Jedaiah ben Abraham Bedersi</subfield>
      <subfield code="d">1270-1340</subfield>
      <subfield code="9">v:LoC-NA</subfield>
    </datafield>
    <datafield tag="400" ind1="1" ind2=" ">
      <subfield code="a">Bonet Profiat, Don</subfield>
      <subfield code="d">1270-1340</subfield>
    </datafield>
    <datafield tag="400" ind1="1" ind2=" ">
      <subfield code="a">Bonet Profiat, Don</subfield>
      <subfield code="c">Jüdischer Dichter und Philosoph</subfield>
      <subfield code="d">1270-1340</subfield>
    </datafield>
    <datafield tag="400" ind1="1" ind2=" ">
      <subfield code="a">Anboneṭ, Avram</subfield>
      <subfield code="d">1270-1340</subfield>
    </datafield>
    <datafield tag="400" ind1="1" ind2=" ">
      <subfield code="a">Anboneth, Abram</subfield>
      <subfield code="d">1270-1340</subfield>
    </datafield>
    <datafield tag="400" ind1="1" ind2=" ">
      <subfield code="a">Anbonet, Abram</subfield>
      <subfield code="d">1270-1340</subfield>
    </datafield>
    <datafield tag="400" ind1="0" ind2=" ">
      <subfield code="a">En-Bonet</subfield>
      <subfield code="d">1270-1340</subfield>
    </datafield>
    <datafield tag="400" ind1="0" ind2=" ">
      <subfield code="a">En-Bonet</subfield>
      <subfield code="c">Jüdischer Dichter und Philosoph</subfield>
      <subfield code="d">1270-1340</subfield>
    </datafield>
    <datafield tag="400" ind1="0" ind2=" ">
      <subfield code="a">En Bonet Profiat</subfield>
      <subfield code="d">1270-1340</subfield>
      <subfield code="9">v:Jüd. Lex.</subfield>
    </datafield>
    <datafield tag="400" ind1="0" ind2=" ">
      <subfield code="a">Yedaʿya hap-Penini</subfield>
      <subfield code="c">Jüdischer Dichter und Philosoph</subfield>
      <subfield code="d">1270-1340</subfield>
    </datafield>
    <datafield tag="400" ind1="1" ind2=" ">
      <subfield code="a">Hap-Penini, Yedaʿya &#152;hap-&#156;</subfield>
      <subfield code="c">Jüdischer Dichter und Philosoph</subfield>
      <subfield code="d">1270-1340</subfield>
    </datafield>
    <datafield tag="400" ind1="0" ind2=" ">
      <subfield code="a">Jedaʿjā hap-Penini</subfield>
      <subfield code="c">Jüdischer Dichter und Philosoph</subfield>
      <subfield code="d">1270-1340</subfield>
    </datafield>
    <datafield tag="400" ind1="0" ind2=" ">
      <subfield code="a">Jedaiah ha-Penini ben Abraham Bedersi</subfield>
      <subfield code="c">Jüdischer Dichter und Philosoph</subfield>
      <subfield code="d">1270-1340</subfield>
    </datafield>
    <datafield tag="400" ind1="1" ind2=" ">
      <subfield code="9">U:Hebr</subfield>
      <subfield code="a">בדרסי, ידעיה בן אברהם</subfield>
      <subfield code="d">1270-1340</subfield>
      <subfield code="5">DE-603</subfield>
    </datafield>
    <datafield tag="400" ind1="1" ind2=" ">
      <subfield code="9">U:Hebr</subfield>
      <subfield code="a">בדרשי, ידעיה הפניני</subfield>
      <subfield code="d">1270-1340</subfield>
    </datafield>
    <datafield tag="400" ind1="0" ind2=" ">
      <subfield code="9">U:Hebr</subfield>
      <subfield code="a">ידעיה הפניני</subfield>
      <subfield code="d">1270-1340</subfield>
      <subfield code="5">DE-603</subfield>
    </datafield>
    <datafield tag="400" ind1="0" ind2=" ">
      <subfield code="9">U:Hebr</subfield>
      <subfield code="a">ידעיה בן אברהם הפניני</subfield>
      <subfield code="d">1270-1340</subfield>
      <subfield code="5">DE-603</subfield>
    </datafield>
    <datafield tag="400" ind1="0" ind2=" ">
      <subfield code="9">U:Hebr</subfield>
      <subfield code="a">ידעיה הפניני בדרשי</subfield>
      <subfield code="d">1270-1340</subfield>
    </datafield>
    <datafield tag="400" ind1="0" ind2=" ">
      <subfield code="9">U:Hebr</subfield>
      <subfield code="a">ידעיה בן אברהם בדרסי</subfield>
      <subfield code="d">1270-1340</subfield>
    </datafield>
    <datafield tag="548" ind1=" " ind2=" ">
      <subfield code="a">1270-1340</subfield>
      <subfield code="4">datl</subfield>
      <subfield code="4">https://d-nb.info/standards/elementset/gnd#dateOfBirthAndDeath</subfield>
      <subfield code="w">r</subfield>
      <subfield code="i">Lebensdaten</subfield>
      <subfield code="9">v:ca.-Angaben</subfield>
    </datafield>
    <datafield tag="550" ind1=" " ind2=" ">
      <subfield code="0">(DE-101)040533093</subfield>
      <subfield code="0">(DE-588)4053309-8</subfield>
      <subfield code="0">https://d-nb.info/gnd/4053309-8</subfield>
      <subfield code="a">Schriftsteller</subfield>
      <subfield code="4">beru</subfield>
      <subfield code="4">https://d-nb.info/standards/elementset/gnd#professionOrOccupation</subfield>
      <subfield code="w">r</subfield>
      <subfield code="i">Beruf</subfield>
    </datafield>
    <datafield tag="550" ind1=" " ind2=" ">
      <subfield code="0">(DE-101)040457907</subfield>
      <subfield code="0">(DE-588)4045790-4</subfield>
      <subfield code="0">https://d-nb.info/gnd/4045790-4</subfield>
      <subfield code="a">Philosoph</subfield>
      <subfield code="4">beru</subfield>
      <subfield code="4">https://d-nb.info/standards/elementset/gnd#professionOrOccupation</subfield>
      <subfield code="w">r</subfield>
      <subfield code="i">Beruf</subfield>
    </datafield>
    <datafield tag="667" ind1=" " ind2=" ">
      <subfield code="a">12-PMA:Suppl.</subfield>
    </datafield>
    <datafield tag="667" ind1=" " ind2=" ">
      <subfield code="a">12</subfield>
    </datafield>
    <datafield tag="667" ind1=" " ind2=" ">
      <subfield code="a">7</subfield>
    </datafield>
    <datafield tag="667" ind1=" " ind2=" ">
      <subfield code="a">VD-17</subfield>
    </datafield>
    <datafield tag="667" ind1=" " ind2=" ">
      <subfield code="a">iw; Red. SSG</subfield>
    </datafield>
    <datafield tag="670" ind1=" " ind2=" ">
      <subfield code="a">LCAuth</subfield>
    </datafield>
    <datafield tag="670" ind1=" " ind2=" ">
      <subfield code="a">Wikipedia</subfield>
      <subfield code="u">https://de.wikipedia.org/wiki/Jedaja_Bedersi</subfield>
    </datafield>
    <datafield tag="672" ind1=" " ind2="0">
      <subfield code="a">Ketav hitnatslut</subfield>
    </datafield>
    <datafield tag="672" ind1=" " ind2="0">
      <subfield code="a">Beḥinat hā-ʿôlām</subfield>
      <subfield code="f">1546 = 306 [jüd. Zeit]</subfield>
    </datafield>
    <datafield tag="672" ind1=" " ind2="0">
      <subfield code="a">Beḥînat hā-ʿôlām</subfield>
      <subfield code="f">1650</subfield>
    </datafield>
    <datafield tag="672" ind1=" " ind2="0">
      <subfield code="a">Sēfer Beḥînôt ʿôlām .... - [ca. 1770]</subfield>
    </datafield>
    <datafield tag="672" ind1=" " ind2="0">
      <subfield code="a">Sēfer Mivḥar hap-penînîm</subfield>
      <subfield code="f">1546 = 5306 [jüd. Zeit]</subfield>
    </datafield>
    <datafield tag="672" ind1=" " ind2="0">
      <subfield code="a">Baqqāšā sive Meditatio, cuius singulae voces a Mem incipiunt</subfield>
      <subfield code="f">1662</subfield>
    </datafield>
    <datafield tag="678" ind1=" " ind2=" ">
      <subfield code="b">Franz. jüd. Dichter und Philosoph</subfield>
    </datafield>
    <datafield tag="700" ind1="1" ind2="4">
      <subfield code="9">U:Hebr</subfield>
      <subfield code="a">הפניני, ידעיה בן אברהם</subfield>
      <subfield code="c">הבדרשי</subfield>
      <subfield code="d">1270-1340</subfield>
      <subfield code="5">DE-576</subfield>
      <subfield code="9">v:Original</subfield>
    </datafield>
    <datafield tag="913" ind1=" " ind2=" ">
      <subfield code="S">pnd</subfield>
      <subfield code="i">a</subfield>
      <subfield code="a">Penînî, Yedaʿyā /hap-</subfield>
      <subfield code="0">(DE-588a)102501319</subfield>
    </datafield>
    <datafield tag="913" ind1=" " ind2=" ">
      <subfield code="S">pnd</subfield>
      <subfield code="i">a</subfield>
      <subfield code="a">Jeda_347jah ha-penini ha-bedarši, R.</subfield>
      <subfield code="0">(DE-588a)126709599</subfield>
    </datafield>
  </record>
